<record><leader>00000cas a22000007a 4500</leader><controlfield tag="001">51797875</controlfield><controlfield tag="008">030305c19979999mduwr n       0   e0chi c</controlfield><datafield ind1=" " ind2=" " tag="010"><subfield code="a">  2003213821</subfield></datafield><datafield ind1=" " ind2=" " tag="040"><subfield code="a">NSD</subfield><subfield code="b">eng</subfield><subfield code="c">NSD</subfield><subfield code="d">DLC</subfield><subfield code="d">OCLCQ</subfield></datafield><datafield ind1=" " ind2=" " tag="012"><subfield code="l">1</subfield></datafield><datafield ind1="1" ind2=" " tag="022"><subfield code="a">1543-7930</subfield><subfield code="l">1543-7930</subfield><subfield code="2">1</subfield></datafield><datafield ind1=" " ind2=" " tag="042"><subfield code="a">nsdp</subfield><subfield code="a">pcc</subfield></datafield><datafield ind1="1" ind2="0" tag="050"><subfield code="a">ISSN RECORD</subfield></datafield><datafield ind1=" " ind2="0" tag="222"><subfield code="a">Xin shi jie shi bao</subfield></datafield><datafield ind1="0" ind2="0" tag="245"><subfield code="a">Xin shi jie shi bao.</subfield></datafield><datafield ind1="1" ind2="1" tag="246"><subfield code="a">New world times</subfield></datafield><datafield ind1=" " ind2=" " tag="260"><subfield code="a">Rockville, MD :</subfield><subfield code="b">Xin shi jie shi bao she</subfield></datafield><datafield ind1=" " ind2=" " tag="300"><subfield code="a">v.</subfield></datafield><datafield ind1=" " ind2=" " tag="310"><subfield code="a">Weekly</subfield></datafield><datafield ind1="1" ind2=" " tag="362"><subfield code="a">Began in 1997.</subfield></datafield><datafield ind1=" " ind2=" " tag="500"><subfield code="a">"Quan Mei shou jia Zhong wen jian ti zi bao zhi."</subfield></datafield><datafield ind1=" " ind2=" " tag="588"><subfield code="a">Description based on surrogate of: Di 211 qi (2001 nian 9 yue 28 ri).</subfield></datafield><datafield ind1=" " ind2=" " tag="588"><subfield code="a">Latest issue consulted: Di 604 qi (2009 nian 4 yue 3 ri).</subfield></datafield><datafield ind1=" " ind2=" " tag="752"><subfield code="a">United States</subfield><subfield code="b">Maryland</subfield><subfield code="c">Montgomery</subfield><subfield code="d">Gaithersburg.</subfield></datafield><datafield ind1="1" ind2=" " tag="029"><subfield code="a">AU@</subfield><subfield code="b">000015711609</subfield></datafield></record>